<record><leader>00000cas a22000007a 4500</leader><controlfield tag="001">37707209</controlfield><controlfield tag="008">970930d19301943okudn n       0    0eng d</controlfield><datafield ind1=" " ind2=" " tag="010"><subfield code="a">sn 97070353 </subfield></datafield><datafield ind1=" " ind2=" " tag="040"><subfield code="a">OBN</subfield><subfield code="b">eng</subfield><subfield code="c">OBN</subfield><subfield code="d">OCLCQ</subfield><subfield code="d">OCLCF</subfield><subfield code="d">OCLCO</subfield></datafield><datafield ind1="1" ind2=" " tag="029"><subfield code="a">AU@</subfield><subfield code="b">000013539052</subfield></datafield><datafield ind1=" " ind2=" " tag="042"><subfield code="a">msc</subfield></datafield><datafield ind1=" " ind2=" " tag="043"><subfield code="a">n-us-ok</subfield></datafield><datafield ind1="0" ind2="0" tag="245"><subfield code="a">Shawnee evening star.</subfield></datafield><datafield ind1=" " ind2=" " tag="260"><subfield code="a">Shawnee, Okla. :</subfield><subfield code="b">Shawnee News Co.</subfield></datafield><datafield ind1=" " ind2=" " tag="300"><subfield code="a">v.</subfield></datafield><datafield ind1=" " ind2=" " tag="310"><subfield code="a">Daily (except Sat. and Sun.)</subfield></datafield><datafield ind1="0" ind2=" " tag="362"><subfield code="a">Vol. 1, no. 1 (May 1, 1930)-v. 13, no. 259 (Feb. 26, 1943).</subfield></datafield><datafield ind1=" " ind2="0" tag="651"><subfield code="a">Shawnee (Okla.)</subfield><subfield code="v">Newspapers.</subfield></datafield><datafield ind1=" " ind2="0" tag="651"><subfield code="a">Pottawatomie County (Okla.)</subfield><subfield code="v">Newspapers.</subfield></datafield><datafield ind1=" " ind2="7" tag="655"><subfield code="a">Newspapers.</subfield><subfield code="2">fast</subfield><subfield code="0">(OCoLC)fst01423814</subfield></datafield><datafield ind1=" " ind2="7" tag="651"><subfield code="a">Oklahoma</subfield><subfield code="z">Pottawatomie County.</subfield><subfield code="2">fast</subfield><subfield code="0">(OCoLC)fst01220558</subfield></datafield><datafield ind1=" " ind2="7" tag="651"><subfield code="a">Oklahoma</subfield><subfield code="z">Shawnee.</subfield><subfield code="2">fast</subfield><subfield code="0">(OCoLC)fst01220557</subfield></datafield><datafield ind1=" " ind2=" " tag="752"><subfield code="a">United States</subfield><subfield code="b">Oklahoma</subfield><subfield code="c">Pottwatomie</subfield><subfield code="d">Shawnee.</subfield></datafield><datafield ind1="0" ind2="7" tag="785"><subfield code="t">Shawnee morning news</subfield><subfield code="w">(DLC)sn 97070352</subfield><subfield code="w">(OCoLC)37707162</subfield></datafield><datafield ind1="0" ind2="7" tag="785"><subfield code="t">Shawnee news-star</subfield><subfield code="w">(DLC)sn 85042310</subfield><subfield code="w">(OCoLC)12110604</subfield></datafield></record>